@article{salvatier2016probabilistic,
  title={Probabilistic programming in Python using PyMC3},
  author={Salvatier, John and Wiecki, Thomas V and Fonnesbeck, Christopher},
  journal={PeerJ Computer Science},
  volume={2},
  pages={e55},
  year={2016},
  publisher={PeerJ Inc.}
}

@article{blundell2015weight,
	title={Weight uncertainty in neural networks},
	author={Blundell, Charles and Cornebise, Julien and Kavukcuoglu, Koray and Wierstra, Daan},
	journal={arXiv preprint arXiv:1505.05424},
	year={2015}
}

@article{kucukelbir2016automatic,
	title={Automatic differentiation variational inference},
	author={Kucukelbir, Alp and Tran, Dustin and Ranganath, Rajesh and Gelman, Andrew and Blei, David M},
	journal={arXiv preprint arXiv:1603.00788},
	year={2016}
}

@book{Goodfellow-et-al-2016,
	title={Deep Learning},
	author={Ian Goodfellow and Yoshua Bengio and Aaron Courville},
	publisher={MIT Press},
	note={\url{http://www.deeplearningbook.org}},
	year={2016}
}

@inproceedings{krizhevsky2012imagenet,
	title={Imagenet classification with deep convolutional neural networks},
	author={Krizhevsky, Alex and Sutskever, Ilya and Hinton, Geoffrey E},
	booktitle={Advances in neural information processing systems},
	pages={1097--1105},
	year={2012}
}

@article{dahl2012context,
	title={Context-dependent pre-trained deep neural networks for large-vocabulary speech recognition},
	author={Dahl, George E and Yu, Dong and Deng, Li and Acero, Alex},
	journal={IEEE Transactions on Audio, Speech, and Language Processing},
	volume={20},
	number={1},
	pages={30--42},
	year={2012},
	publisher={IEEE}
}

@article{mnih2015human,
	title={Human-level control through deep reinforcement learning},
	author={Mnih, Volodymyr and Kavukcuoglu, Koray and Silver, David and Rusu, Andrei A and Veness, Joel and Bellemare, Marc G and Graves, Alex and Riedmiller, Martin and Fidjeland, Andreas K and Ostrovski, Georg and others},
	journal={Nature},
	volume={518},
	number={7540},
	pages={529--533},
	year={2015},
	publisher={Nature Research}
}

@article{pan2010survey,
	title={A survey on transfer learning},
	author={Pan, Sinno Jialin and Yang, Qiang},
	journal={IEEE Transactions on knowledge and data engineering},
	volume={22},
	number={10},
	pages={1345--1359},
	year={2010},
	publisher={IEEE}
}

@inproceedings{le2013building,
	title={Building high-level features using large scale unsupervised learning},
	author={Le, Quoc V},
	booktitle={Acoustics, Speech and Signal Processing (ICASSP), 2013 IEEE International Conference on},
	pages={8595--8598},
	year={2013},
	organization={IEEE}
}

@article{bishop2006pattern,
	title={Pattern recognition},
	author={Bishop, Christopher M},
	journal={Machine Learning},
	volume={128},
	pages={1--58},
	year={2006}
}

@article{browne2006comparison,
	title={A comparison of Bayesian and likelihood-based methods for fitting multilevel models},
	author={Browne, William J and Draper, David and others},
	journal={Bayesian analysis},
	volume={1},
	number={3},
	pages={473--514},
	year={2006},
	publisher={International Society for Bayesian Analysis}
}

@book{wasserman2013all,
	title={All of statistics: a concise course in statistical inference},
	author={Wasserman, Larry},
	year={2013},
	publisher={Springer Science \& Business Media}
}

@misc{lasagne,
	author       = {Sander Dieleman and
	Jan Schluter and
	Colin Raffel and
	Eben Olson and
	others},
	title        = {Lasagne: First release.},
	month        = aug,
	year         = 2015,
	doi          = {10.5281/zenodo.27878},
	url          = {http://dx.doi.org/10.5281/zenodo.27878}
}